@inproceedings{shutler:gait_database,
    booktitle = {Fourth International Conference on Recent Advances in Soft Computing (01/11/02)},
        title = {On a Large Sequence-Based Human Gait Database},
      author = {Jamie Shutler and Mike Grant and Mark S Nixon and John N Carter},
        year = {2002},
        pages = {66--72},
        note = {Event Dates: November 2002},
          url = {https://eprints.soton.ac.uk/257901/}
}

@article{DBLP:journals/corr/ChenPSA17,
  author    = {Liang{-}Chieh Chen and
               George Papandreou and
               Florian Schroff and
               Hartwig Adam},
  title     = {Rethinking Atrous Convolution for Semantic Image Segmentation},
  journal   = {CoRR},
  volume    = {abs/1706.05587},
  year      = {2017},
  url       = {http://arxiv.org/abs/1706.05587},
  archivePrefix = {arXiv},
  eprint    = {1706.05587},
  timestamp = {Mon, 13 Aug 2018 16:48:07 +0200},
  biburl    = {https://dblp.org/rec/journals/corr/ChenPSA17.bib},
  bibsource = {dblp computer science bibliography, https://dblp.org}
}

@article{biometric_systems,
  author = {Omoyiola, Bayo Olushola},
  year = {2018},
  month = {07},
  pages = {1-5},
  title = {Overview of Biometric and Facial Recognition Techniques},
  volume = {20},
  doi = {10.9790/0661-2004010105}
}

@book{Nixon_Tan_Chellappa_2006,
  title={Human Identification Based on Gait},
  url={http://dx.doi.org/10.1007/978-0-387-29488-9},
  DOI={10.1007/978-0-387-29488-9},
  publisher={Springer US},
  author={Nixon, Mark S. and Tan, Tieniu and Chellappa, Rama},
  year={2006}
}
@misc{he2017mask,
    title={Mask R-CNN},
    author={Kaiming He and Georgia Gkioxari and Piotr Doll√°r and Ross Girshick},
    year={2017},
    eprint={1703.06870},
    archivePrefix={arXiv},
    primaryClass={cs.CV}
}